@book{durstewitz2017advanced,
  title={Advanced data analysis in neuroscience},
  author={Durstewitz, Daniel},
  journal={Bernstein Series in Computational Neuroscience. Cham: Springer},
  year={2017},
  publisher={Springer}
}

@Article{brainsci9080194,
  AUTHOR = {Chén, Oliver Y.},
  TITLE = {The Roles of Statistics in Human Neuroscience},
  JOURNAL = {Brain Sciences},
  VOLUME = {9},
  YEAR = {2019},
  NUMBER = {8},
  ARTICLE-NUMBER = {194},
  URL = {https://www.mdpi.com/2076-3425/9/8/194},
  PubMedID = {31398878},
  ISSN = {2076-3425},
  DOI = {10.3390/brainsci9080194}
}

@Article{yu2022,
  title = {Beyond t test and ANOVA: applications of mixed-effects models for more rigorous statistical analysis in neuroscience research},
  author = {Yu, Z. and Guindani, M. and Grieco, S.F. and Chen, L. and Holmes, T.C. and Xu, X.},
  journal = {Neuron}, 
  volume = {110},
  issue =  {1}, 
  pages = {21-35},
  doi = {10.1016/j.neuron.2021.10.030},
  year = {2022},
}

@article{kass2018,
  author ={Kass, R.E. and Amari, S.I. and Arai, K. and Brown, E.N. and Diekman, C.O. and Diesmann, M. and Doiron, B. and Eden, U.T. and, Fairhall, A.L. and Fiddyment, GM. and Fukai, T. and Grün, S. and Harrison, M.T. and Helias, M. and Nakahara, H. and Teramae, J.N. and Thomas, P.J. and Reimers, M. and Rodu, J. and Rotstein, H.G. and Shea-Brown, E. and Shimazaki, H. and Shinomoto, S. and Yu, B.M. and Kramer, M.A.},
  title = {Computational Neuroscience: Mathematical and Statistical Perspectives.},
  journal = {Annu Rev Stat Appl.},
  year = {2018},
  volume = {5},
  pages = {183-214},
  doi = {10.1146/annurev-statistics-041715-033733},
  pmid = {30976604}
}

@book{xie2018r,
  title={R markdown: The definitive guide},
  author={Xie, Yihui and Allaire, Joseph J and Grolemund, Garrett},
  year={2018},
  publisher={Chapman and Hall/CRC},
}

@book{long2019r,
  title={R cookbook: proven recipes for data analysis, statistics, and graphics},
  author={Long, James D and Teetor, Paul},
  year={2019},
  publisher={O'Reilly Media}
}
